@misc{spec,
	author = "Jürgen Börstler",
	title = "SE/PVT (5DV087) Project: Customer Terminal",
	year = "2010",
	howpublished = "\url{http://www8.cs.umu.se/kurser/5DV087/Assignments/webbkiosk.html}",
	note = "[Online; accessed 2010-04-29]"
}
